@article{referencia1,
	Author = {Orgulho, Aluna},
	Journal = {Revista muito importante},
	Number = {1},
	Pages = {98-99},
	Title = {Como usar bom senso},
	Volume = {1},
	Year = {2018}},

@article{referencia2,
	Author = {do PET, Luiz},
	Title = {Como instalar Ubuntu com Windows},
	Volume = {1},
	Year = {2018}},